<record><leader>00000cas a22000007a 4500</leader><controlfield tag="001">310092719</controlfield><controlfield tag="008">090220c20089999tnubr ne      |   a0eng c</controlfield><datafield ind1=" " ind2=" " tag="010"><subfield code="a">  2009200915</subfield></datafield><datafield ind1=" " ind2=" " tag="040"><subfield code="a">NSD</subfield><subfield code="b">eng</subfield><subfield code="c">NSD</subfield><subfield code="d">OCLCQ</subfield></datafield><datafield ind1=" " ind2=" " tag="012"><subfield code="l">1</subfield></datafield><datafield ind1="1" ind2=" " tag="022"><subfield code="a">1946-9551</subfield><subfield code="l">1946-9551</subfield><subfield code="2">1</subfield></datafield><datafield ind1=" " ind2=" " tag="037"><subfield code="b">Adamsville Post, 439 E. Main St. Adamsville, TN 38310</subfield></datafield><datafield ind1=" " ind2=" " tag="042"><subfield code="a">pcc</subfield><subfield code="a">nsdp</subfield></datafield><datafield ind1="1" ind2="0" tag="050"><subfield code="a">ISSN RECORD</subfield></datafield><datafield ind1=" " ind2="0" tag="222"><subfield code="a">Adamsville post.</subfield></datafield><datafield ind1="0" ind2="0" tag="245"><subfield code="a">Adamsville post.</subfield></datafield><datafield ind1=" " ind2=" " tag="260"><subfield code="a">Adamsville, TN :</subfield><subfield code="b">Pickwick Express Pub.</subfield></datafield><datafield ind1=" " ind2=" " tag="310"><subfield code="a">Biweekly</subfield></datafield><datafield ind1="1" ind2=" " tag="362"><subfield code="a">Began with vol. 1, no. 1 (Sept. 2008).</subfield></datafield><datafield ind1=" " ind2=" " tag="588"><subfield code="a">Description based on first issue; title from masthead.</subfield></datafield><datafield ind1=" " ind2=" " tag="752"><subfield code="a">Tennessee</subfield><subfield code="d">Adamsville.</subfield></datafield></record>